@MISC {22329,
    TITLE = {How does centering the data get rid of the intercept in regression and PCA?},
    AUTHOR = {Alec (https://stats.stackexchange.com/users/2403/alec)},
    HOWPUBLISHED = {Cross Validated},
    NOTE = {\url{URL:https://stats.stackexchange.com/q/22329} (version: 2017-04-13)},
    EPRINT = {\url{https://stats.stackexchange.com/q/22329}},
    URL = {\url{https://stats.stackexchange.com/q/22329}},
    YEAR = 2012
}